@phdthesis{munozth:2018,
           Author = {Mu\~noz Vidal, Javier},
	   Date-Added = {},
	   Data-Modified = {},
	   School = {Universitat de Val\`encia},
	   Title = {{The NEXT path to neutrino inverse hierarchy}},
	   Url = {},
	   Year = {2018}
	   }